@article{901170, 
	author={Adomavicius, G. and Tuzhilin, A.}, 
	journal={Computer}, title={Using data mining methods to build customer profiles}, 
	year={2001}, 
	volume={34}, 
	number={2}, 
	pages={74-82}, 
	keywords={data mining;financial data processing;1:1 Pro system;data mining;personal profiles;transactional histories;Books;Collaboration;Customer profiles;Data mining;Data models;Decision making;Demography;History;Humans;Recommender systems}, 
	doi={10.1109/2.901170}, 
	ISSN={0018-9162}
}



@inproceedings{Yu:2009:ADM:1726594.1729110,
	author = {Yu, Cheng and Ying, Xiong},
	title = {Application of Data Mining Technology in E-Commerce},
	booktitle = {Proceedings of the 2009 International Forum on Computer Science-Technology and Applications - Volume 01},
	series = {IFCSTA '09},
	year = {2009},
	isbn = {978-0-7695-3930-0},
	pages = {291--293},
	numpages = {3},
	url = {http://dx.doi.org/10.1109/IFCSTA.2009.76},
	doi = {10.1109/IFCSTA.2009.76},
	acmid = {1729110},
	publisher = {IEEE Computer Society},
	address = {Washington, DC, USA},
	keywords = {E-Commerce, Web data Mining, Web Log, Data Preprocessing},
}



